@thesis{weikamp2015,
  title={Inference methods in discrete Bayesian networks},
  author = {Ron Weikamp},
  year={2015},
  journal={}
}

@article{philipson2018,
  title={Prune sampling: a MCMC inference technique for discrete and deterministic Bayesian networks},
  author = {Frank Phillipson and Jurriaan Parie and Ron Weikamp},
  year={2018},
  journal={}
}

@article{fishelson2004,
  title={Optimizing exact genetic linkage computations},
  author={Fishelson, Ma{\'a}yan and Geiger, Dan},
  journal={Journal of Computational Biology},
  volume={11},
  number={2-3},
  pages={263--275},
  year={2004},
  publisher={Mary Ann Liebert, Inc.}
}

@article{pearl2011,
  title={Bayesian networks},
  author={Pearl, Judea},
  year={2011}
}

@article{phillipson2015modelling,
  title={Modelling the effects of a CBRN defence system using a Bayesian Belief Model},
  author={Phillipson, F and Bastings, ICL and Vink, N},
  year={2015}
}

@book{koller2009probabilistic,
  title={Probabilistic graphical models: principles and techniques},
  author={Koller, Daphne and Friedman, Nir},
  year={2009},
  publisher={MIT press}
}

@inproceedings{poon2006sound,
  title={Sound and efficient inference with probabilistic and deterministic dependencies},
  author={Poon, Hoifung and Domingos, Pedro},
  booktitle={AAAI},
  volume={6},
  pages={458--463},
  year={2006}
}

@article{gogate2011samplesearch,
  title={SampleSearch: Importance sampling in presence of determinism},
  author={Gogate, Vibhav and Dechter, Rina},
  journal={Artificial Intelligence},
  volume={175},
  number={2},
  pages={694--729},
  year={2011},
  publisher={Elsevier}
}

@inproceedings{venugopal2013giss,
  title={GiSS: Combining Gibbs Sampling and SampleSearch for Inference in Mixed Probabilistic and Deterministic Graphical Models.},
  author={Venugopal, Deepak and Gogate, Vibhav},
  booktitle={AAAI},
  year={2013}
}

@article{geman1984stochastic,
  title={Stochastic relaxation, Gibbs distributions, and the Bayesian restoration of images},
  author={Geman, Stuart and Geman, Donald},
  journal={IEEE Transactions on pattern analysis and machine intelligence},
  number={6},
  pages={721--741},
  year={1984},
  publisher={IEEE}
}

@article{besag1993spatial,
  title={Spatial statistics and Bayesian computation},
  author={Besag, Julian and Green, Peter J},
  journal={Journal of the Royal Statistical Society. Series B (Methodological)},
  pages={25--37},
  year={1993},
  publisher={JSTOR}
}

@article{damlen1999gibbs,
  title={Gibbs sampling for Bayesian non-conjugate and hierarchical models by using auxiliary variables},
  author={Damlen, P and Wakefield, John and Walker, Stephen},
  journal={Journal of the Royal Statistical Society: Series B (Statistical Methodology)},
  volume={61},
  number={2},
  pages={331--344},
  year={1999},
  publisher={Wiley Online Library}
}

@article{gilks1996interdisciplinary,
  title={Interdisciplinary statistics},
  author={Gilks, WR and Richardson, S and Spiegelhalter, DJ},
  journal={Markov chain Monte Carlo in practice},
  year={1996},
  publisher={Chapman and Hall}
}

@inproceedings{wei2004towards,
  title={Towards efficient sampling: Exploiting random walk strategies},
  author={Wei, Wei and Erenrich, Jordan and Selman, Bart},
  booktitle={AAAI},
  volume={4},
  pages={670--676},
  year={2004}
}

@article{owen2013monte,
  title={Monte Carlo theory, methods and examples},
  author={Owen, Art B},
  journal={Monte Carlo Theory, Methods and Examples. Art Owen},
  year={2013}
}

@inproceedings{park2002using,
  title={Using weighted MAX-SAT engines to solve MPE},
  author={Park, James D},
  booktitle={AAAI/IAAI},
  pages={682--687},
  year={2002}
}

@article{lauritzen1988local,
  title={Local computations with probabilities on graphical structures and their application to expert systems},
  author={Lauritzen, Steffen L and Spiegelhalter, David J},
  journal={Journal of the Royal Statistical Society. Series B (Methodological)},
  pages={157--224},
  year={1988},
  publisher={JSTOR}
}

@incollection{beinlich1989alarm,
  title={The ALARM monitoring system: A case study with two probabilistic inference techniques for belief networks},
  author={Beinlich, Ingo A and Suermondt, Henri Jacques and Chavez, R Martin and Cooper, Gregory F},
  booktitle={AIME 89},
  pages={247--256},
  year={1989},
  publisher={Springer}
}

@inproceedings{sang2005solving,
  title={Solving Bayesian networks by weighted model counting},
  author={Sang, Tian and Beame, Paul and Kautz, Henry},
  booktitle={Proceedings of the Twentieth National Conference on Artificial Intelligence (AAAI-05)},
  volume={1},
  pages={475--482},
  year={2005},
  organization={AAAI Press}
}